@INPROCEEDINGS{5533659,
author={Gros, Stjepan and Salkic, Marko and Sipka, Ivan},
booktitle={MIPRO, 2010 Proceedings of the 33rd International Convention},
title={Protecting TOR exit nodes from abuse},
year={2010},
month={may},
volume={},
number={},
pages={1246 -1249},
keywords={},
doi={},
ISSN={},}
