@inproceedings{Tang,
 author = {Tang, Can and Goldberg, Ian},
 title = {An improved algorithm for tor circuit scheduling},
 booktitle = {Proceedings of the 17th ACM conference on Computer and communications security},
 series = {CCS '10},
 year = {2010},
 isbn = {978-1-4503-0245-6},
 location = {Chicago, Illinois, USA},
 pages = {329--339},
 numpages = {11},
 url = {http://doi.acm.org/10.1145/1866307.1866345},
 doi = {http://doi.acm.org/10.1145/1866307.1866345},
 acmid = {1866345},
 publisher = {ACM},
 address = {New York, NY, USA},
 keywords = {Tor, latency, onion routing},
} 
@INPROCEEDINGS{
analysis,
author={Chaabane, A. and Manils, P. and Kaafar, M.A.},
booktitle={Network and System Security (NSS), 2010 4th International Conference on},
title={Digging into Anonymous Traffic: A Deep Analysis of the Tor Anonymizing Network},
year={2010},
month={sept.},
volume={},
number={},
pages={167 -174},
keywords={BitTorrent protocols;BitTorrent traffic;HTTP;Internet;P2P applications;Tor Anonymizing Network;anonymous traffic;Internet;peer-to-peer computing;routing protocols;telecommunication security;telecommunication traffic;},
doi={10.1109/NSS.2010.47},
ISSN={},}
@INPROCEEDINGS{unfair,
    author={Tschorsch, Florian and Scheuermann, Bjorn},
    booktitle={Local Computer Networks (LCN), 2011 IEEE 36th Conference on},
    title={Tor is unfair: And what to do about it},
    year={2011},
    month={oct.},
    volume={},
    number={},
    pages={432 -440},
    keywords={},
    doi={10.1109/LCN.2011.6115503},
    ISSN={0742-1303},}
@INPROCEEDINGS{delay,
author={Dhungel, P. and Steiner, M. and Rimac, I. and Hilt, V. and Ross, K.W.},
booktitle={Peer-to-Peer Computing (P2P), 2010 IEEE Tenth International Conference on},
title={Waiting for Anonymity: Understanding Delays in the Tor Overlay},
year={2010},
month={aug.},
volume={},
number={},
pages={1 -4},
keywords={Tor network;Tor onion proxy;Tor overlay;Tor router;Web application;anonymity service;delay distribution;Internet;telecommunication network routing;},
doi={10.1109/P2P.2010.5569995},
ISSN={},}
@inproceedings{Bauer,
 author = {Bauer, Kevin and McCoy, Damon and Grunwald, Dirk and Kohno, Tadayoshi and Sicker, Douglas},
 title = {Low-resource routing attacks against tor},
 booktitle = {Proceedings of the 2007 ACM workshop on Privacy in electronic society},
 series = {WPES '07},
 year = {2007},
 isbn = {978-1-59593-883-1},
 location = {Alexandria, Virginia, USA},
 pages = {11--20},
 numpages = {10},
 url = {http://doi.acm.org/10.1145/1314333.1314336},
 doi = {http://doi.acm.org/10.1145/1314333.1314336},
 acmid = {1314336},
 publisher = {ACM},
 address = {New York, NY, USA},
 keywords = {anonymity, load balancing, tor, traffic analysis},
} 
@inproceedings{Edman,
 author = {Edman, Matthew and Syverson, Paul},
 title = {As-awareness in Tor path selection},
 booktitle = {Proceedings of the 16th ACM conference on Computer and communications security},
 series = {CCS '09},
 year = {2009},
 isbn = {978-1-60558-894-0},
 location = {Chicago, Illinois, USA},
 pages = {380--389},
 numpages = {10},
 url = {http://doi.acm.org/10.1145/1653662.1653708},
 doi = {http://doi.acm.org/10.1145/1653662.1653708},
 acmid = {1653708},
 publisher = {ACM},
 address = {New York, NY, USA},
 keywords = {anonymity, autonomous systems, privacy, tor},
} 
@ONLINE{tor:web,
author = {The Tor Project, Inc.},
title = {Inception},
month = feb,
year = {2012},
url = {https://www.torproject.org/about/torusers.html.en}
}
@techreport{ONI,
author = {Helmi Noman},
title = {Internet Filtering in the Middle East and North Africa},
year = {2009},
institution = {The OpenNet Initiative},
type = {Technical Report},
AUTHOR1_URL = {http://opennet.net/sites/opennet.net/files/},
FILE  = {ONI_MENA_2009.pdf},
}
